%% This BibTeX bibliography file was created using BibDesk.
%% http://bibdesk.sourceforge.net/

%% Created for Lauro Cesar Araujo at 2015-04-27 19:43:45 -0300

%% Saved with string encoding Unicode (UTF-8)

@book{neil,
  title = "Padrões de Design para aplicativos Móveis",
  author = "Theres, NEIL",
  year = "2012",
  publisher = "O'reilly Novatec"
}

@book{preece,
  title = "Design de interação: além da interação humano-computador",
  author = "Jennifer, PREECE",
  year = "2013",
  publisher = "Bookman"
}
